@masterthesis{valeeva,
 author    = "Valeeva, Marina",
 title     = "Annotation of Factors of Linguistic Quality for Multi-Document Summarization",
 school = "Saarland University",
 year      =  2013,
}

@article{friedrichlqvsumm,
  title={LQVSumm: A Corpus of Linguistic Quality Violations in Multi-Document Summarization},
  author={Friedrich, Annemarie and Valeeva, Marina and Palmer, Alexis},
  year=2014
}

@inproceedings{stanfordNER,
  title={Incorporating non-local information into information extraction systems by gibbs sampling},
  author={Finkel, Jenny Rose and Grenager, Trond and Manning, Christopher},
  booktitle={Proceedings of the 43rd Annual Meeting on Association for Computational Linguistics},
  pages={363--370},
  year={2005},
  organization={Association for Computational Linguistics}
}

@article{gigaword,
  title={English gigaword},
  author={Graff, David and Kong, Junbo and Chen, Ke and Maeda, Kazuaki},
  journal={Linguistic Data Consortium, Philadelphia},
  year={2003}
}

@inproceedings{wagner2007comparative,
  title={A comparative evaluation of deep and shallow approaches to the automatic detection of common grammatical errors},
  author={Wagner, Joachim and Foster, Jennifer and van Genabith, Josef},
  year={2007},
  organization={Association for Computational Linguistics}
}

@inproceedings{garner1995weka,
  title={Weka: The waikato environment for knowledge analysis},
  author={Garner, Stephen R and others},
  booktitle={Proceedings of the New Zealand computer science research students conference},
  pages={57--64},
  year={1995},
  organization={Citeseer}
}

@inproceedings{stolcke2002srilm,
  title={SRILM-an extensible language modeling toolkit.},
  author={Stolcke, Andreas and others},
  booktitle={INTERSPEECH},
  year={2002}
}
@article{nenkova2011foundations,
  title={Foundations and Trends{\textregistered} in Information Retrieval},
  author={Nenkova, Ani and McKeown, Kathleen and others},
  journal={Foundations and Trends{\textregistered} in Information Retrieval},
  volume={5},
  number={2-3},
  pages={103--233},
  year={2011}
}

@inproceedings{owczarzak2011overview,
  title={Overview of the TAC 2011 summarization track: Guided task and AESOP task},
  author={Owczarzak, Karolina and Dang, Hoa Trang},
  booktitle={Proceedings of the Text Analysis Conference (TAC 2011), Gaithersburg, Maryland, USA, November},
  year={2011}
}